% Copyright (C) 2024 Wing Hei Chan

% This work is licensed under a Creative Commons
% Attribution-ShareAlike 4.0 International license.  To view a copy of
% this license, visit
% <https://creativecommons.org/licenses/by-sa/4.0/>.

@article{a88aut,
  title = {Aspects of Underspecification Theory},
  author = {Archangeli, Diana},
  year = {1988},
  journal = {Phonology},
  volume = {5},
  number = {2},
  pages = {183--207},
  doi = {10/bsjcsv}
}

@phdthesis{c14slpp,
  title = {Strictly Local Phonological Processes},
  author = {Chandlee, Jane},
  year = {2014},
  address = {Newark, DE},
  school = {University of Delaware}
}

@phdthesis{c23sctscscl,
  type = {Bachelor's Thesis},
  title = {Subregular Complexity of Tonal Systems: {{Case}} Studies of {{Chinese}} Languages},
  author = {Chan, Wing Hei},
  year = {2023},
  address = {Hong Kong},
  doi = {10/j83j},
  copyright = {Creative Commons Attribution-ShareAlike 4.0 International License (CC-BY-SA)},
  school = {The Chinese University of Hong Kong}
}

@article{c40fstt,
  title = {A Formulation of the Simple Theory of Types},
  author = {Church, Alonzo},
  year = {1940},
  journal = {The Journal of Symbolic Logic},
  volume = {5},
  number = {2},
  pages = {56--68},
  doi = {10/br4892}
}

@inproceedings{cj19qlfpfp,
  title = {Quantifier-Free Least Fixed Point Functions for Phonology},
  booktitle = {Meeting on the {{Mathematics}} of {{Language}}},
  author = {Chandlee, Jane and Jardine, Adam},
  year = {2019},
  pages = {50--62},
  doi = {10/grjrbr},
  url = {https://aclanthology.org/W19-5705}
}

@article{cj21iolr,
  title = {Input and Output Locality and Representation},
  author = {Chandlee, Jane and Jardine, Adam},
  year = {2021},
  journal = {Glossa},
  volume = {6},
  number = {1},
  doi = {10/gqjg2z}
}

@book{d07psc,
  title = {The Phonology of {{Standard Chinese}}},
  author = {Duanmu, San},
  year = {2007},
  series = {The {{Phonology}} of the {{World}}'s {{Languages}}},
  edition = {2},
  publisher = {Oxford University Press},
  address = {Oxford}
}

@inproceedings{g71eigasaecdatt,
  title = {{Une extension de l'interpr{\'e}tation de G{\"o}del {\`a} l'analyse, et son application {\`a} l'{\'e}limination des coupures dans l'analyse et la th{\'e}orie des types}},
  booktitle = {{Scandinavian Logic Symposium}},
  author = {Girard, Jean-Yves},
  year = {[1970] 1971},
  pages = {63--92},
  doi = {10/bfwpc9},
  langid = {french}
}

@phdthesis{g72ifecaos,
  type = {{Th{\`e}se d'{\'e}tat}},
  title = {{Interpr{\'e}tation fonctionnelle et {\'e}limination des coupures de l'arithm{\'e}tique d'ordre sup{\'e}rieur}},
  author = {Girard, Jean-Yves},
  year = {1972},
  address = {Paris},
  langid = {french},
  school = {Universit{\'e} Paris VII}
}

@incollection{h80fnc,
  title = {The Formulae-as-Types Notion of Construction},
  booktitle = {To {{H}}.{{B}}. {{Curry}}: {{Essays}} on Combinatory Logic, Lambda Calculus and Formalism},
  author = {Howard, William A.},
  editor = {Seldin, Jonathan P. and Hindley, J. Roger},
  year = {[1969] 1980},
  publisher = {Academic Press},
  address = {New York}
}

@article{h99tuemf,
  title = {A Tutorial on the Universality and Expressiveness of \(\mathit{fold}\)},
  author = {Hutton, Graham},
  year = {1999},
  journal = {Journal of Functional Programming},
  volume = {9},
  number = {4},
  pages = {355--372},
  doi = {10/dj73xm}
}

@inproceedings{hrt11tslcp,
  title = {Tier-Based Strictly Local Constraints for Phonology},
  booktitle = {Annual {{Meeting}} of the {{Association}} for {{Computational Linguistics}}},
  author = {Heinz, Jeffrey and Rawal, Chetan and Tanner, Herbert G.},
  year = {2011},
  pages = {58--64},
  url = {https://aclanthology.org/P11-2011}
}

@article{k70fupr,
  title = {On the Functional Unity of Phonological Rules},
  author = {Kisseberth, Charles W.},
  year = {1970},
  journal = {Linguistic Inquiry},
  volume = {1},
  number = {3},
  pages = {291--306}
}

@article{kk94rmprs,
  title = {Regular Models of Phonological Rule Systems},
  author = {Kaplan, Ronald M. and Kay, Martin},
  year = {1994},
  journal = {Computational Linguistics},
  volume = {20},
  number = {3},
  pages = {331--378},
  url = {https://aclanthology.org/J94-3001}
}

@inproceedings{m08cpmgdt,
  title = {Compiling Pattern Matching to Good Decision Trees},
  booktitle = {Workshop on {{ML}}},
  author = {Maranget, Luc},
  year = {2008},
  pages = {35--46},
  doi = {10/bjkp9w}
}

@inproceedings{m75ittpp,
  title = {An Intuitionistic Theory of Types: {{Predicative}} Part},
  booktitle = {Logic {{Colloquium}}},
  author = {{Martin-L{\"o}f}, Per},
  year = {[1973] 1975},
  pages = {73--118},
  doi = {10/ddwzq5}
}

@article{m97oeot,
  title = {{{OCP}} Effects in {{Optimality Theory}}},
  author = {Meyers, Scott},
  year = {1997},
  journal = {Natural Language and Linguistic Theory},
  volume = {15},
  number = {4},
  pages = {847--892},
  doi = {10/b3tpcv}
}

@book{p65ndps,
  title = {Natural Deduction: {{A}} Proof-Theoretical Study},
  author = {Prawitz, Dag},
  year = {1965},
  publisher = {Almqvist \& Wiksell},
  address = {Stockholm}
}

@article{rp11apresh,
  title = {Aural Pattern Recognition Experiments and the Subregular Hierarchy},
  author = {Rogers, James and Pullum, Geoffrey K.},
  year = {2011},
  journal = {Journal of Logic, Language and Information},
  volume = {20},
  number = {3},
  pages = {329--342},
  doi = {10/ftbgw9}
}

@article{w15pt,
  title = {Propositions as Types},
  author = {Wadler, Philip},
  year = {2015},
  journal = {Communications of the ACM},
  volume = {58},
  number = {12},
  pages = {75--84},
  doi = {10/bd28}
}
